% example .bib file for use with projectpaper.tex

@book{budgen
  ,author = {David Budgen}
  ,title = {Software Design}
  ,edition = "2nd"
  ,year = 2003
  ,publisher = {Addison Wesley}
}
@unpublished{euther
  ,author = {K. Euther}
  ,title = {Title of Paper}
  ,year = 2006
  ,note = {unpublished}
}
@unpublished{futher
  ,author = {R. Futher}
  ,title = {Title of Paper 2}
  ,year = 2006
  ,journal = {J. Name. Stand. Abbrev.}
  ,note = {submitted for publication}
}
@book{DL
	,title={Deep Learning}
	,author={Ian Goodfellow and Yoshua Bengio and Aaron Courville}
	,publisher={MIT Press}
	,note={http://www.deeplearningbook.org}
	,year={2016}
}
@book{Reynolds
	,author = {Kelly Reynolds and April Kontostathis}
	,title = {Using Machine Learning to Detect Cyberbullying}
	,year = 2011
	,publisher = {Ursinus College}
}
@book{Hack
	,author = {Alexei Bastidas and Edward Dixon and Chris Loo and John Ryan}
	,title = {Harrassment detection: a benchmark on the \#HackHarrassment dataset}
	,year = 2016
	,publisher = {Intel}
}
@book{Birds
	,author = {Despoina Chatzakou and Nicolas Kourtellis and Jeremy Blackburn and Emiliano De Cristofaro and Gianluca Stringhini and Athena Vakali}
	,title = {Mean Birds: Detecting Agression and Bullying on Twitter}
	,year = 2017
	,publisher = {Aristotle University of Thessaloniki and Telefonica Research and University College London}
}
@book{Badjatiya
	,author = {Pinkesh Badjatiya and Shashank Gupta and Manish Gupta and Vasudeva Varma}
	,title = {Deep Learning for Hate Speech Detection in Tweets}
	,year = 2017
	,publisher = {Hyderabad, Microsoft}
}
@book{Wang
	,author = {Alex Hai Wang}
	,title = {Spam Detection in Twitter}
	,year = 2010
	,publisher = {Pennsylvania State University}
}
@book{Golbeck
	,author = {Jennifer Golbeck}
	,title = {Online Harassment}
	,year = 2018
	,publisher = {Springer International Publishing}
}
@book{Kim
	,author = {Yoon Kim}
	,title = {Convolutional Neural Networks for Sentence Classification}
	,year = 2014
	,publisher = {New York University}
}
@book{Sergey
	,author = {Sergey Ioffe and Christian Szegedy}
	,title = {Batch Normalization: Accelerating Deep Network Training by Reducing Internal Covariate Shift}
	,year = 2015
	,publisher = {Google Inc.}
}
@book{Waseem
	,author = {Zeerak Waseem and Dirk Hovy}
	,title = {Hateful Symbols or Hateful People?Predictive Features for Hate Speech Detection on Twitter}
	,year = 2016
	,publisher = {NAACL-HLT 2016}
}
@book{Peters
	,author = {Matthew E. Peters and Mark Neumann and Mohit Iyyer and Matt Gardner and Christopher Clark and Kenton Lee and Luke Zettlemoyer}
	,title = {Deep contextualized word representations}
	,year = 2018
	,publisher = {University of Washington}
}

Ë‡@book{BuildDeeper
	,title={Build Deeper}
	,author={Thimira Amaratunga}
	,publisher={Self-published}
	,year={2019}
}

@unpublished{glove
	,author = {Jeffrey Pennington and Richard Socher and Christopher D. Manning}
	,title = {GloVe: Global Vectors for Word Representation}
	,year = 2014
	,note = {Online research document}
}
@unpublished{Ofcom
	,author = {Ofcom}
	,title = {Children and Parents: Media Use and Attitudes Report}
	,year = 2017
	,note = {unpublished}
}
@unpublished{Dixon
	,author = {Edward Dixon}
	,title = {Automation and Harassment Detection}
	,year = 2018
	,note = {https://github.com/EdwardDixon/Automation-and-Harassment-Detection}
}

